@book{koza92,
		author    = "Koza, John R.",
		title     = "Genetic Programming: On the Programming of Computers by Means of Natural Selection",
		publisher = "MIT Press",
		year      = "1992"
}


@misc{ wiki:latex,
       author = "Wikipedia",
       title = "LaTeX --- Wikipedia{,} La enciclopedia libre",
       year = "2015",
       url = "https://es.wikipedia.org/w/index.php?title=LaTeX&oldid=84209252",
       note = "[Internet; descargado 30-septiembre-2015]"
}

@misc{MDS, 
	title = "sklearn.manifold.MDS",
	author = "Scikit-learn devolopers",
	year = 2018, 
	url = "https://scikit-learn.org/stable/modules/generated/sklearn.manifold.MDS.html", 
	note = "[Internet; accedido 09-mayo-2019]"
}

@misc{RandomForest, 
	title = "sklearn.ensemble.RandomForestClassifier",
	author = "Scikit-learn devolopers",
	year = 2018, 
	url = "https://scikit-learn.org/stable/modules/generated/sklearn.ensemble.RandomForestClassifier.html", 
	note = "[Internet; accedido 09-mayo-2019]"
}

@misc{OneClass, 
	title = "sklearn.svm.OneClassSVM",
	author = "Scikit-learn devolopers",
	year = 2018, 
	url = "https://scikit-learn.org/stable/modules/generated/sklearn.svm.OneClassSVM.html", 
	note = "[Internet; accedido 09-mayo-2019]"
}

@misc{TransformerMixin, 
	title = "sklearn.base.TransformerMixin",
	author = "Scikit-learn devolopers",
	year = 2018, 
	url = "https://scikit-learn.org/stable/modules/generated/sklearn.base.TransformerMixin.html", 
	note = "[Internet; accedido 09-mayo-2019]"
}

@misc{overleaf, 
	title = "Overleaf Documentation",
	author = "Overleaf",
	year = 2019, 
	url = "https://es.overleaf.com/learn", 
	note = "[Internet; accedido 09-mayo-2019]"
}

@misc{tsfresh, 
	title = "tsfresh ",
	author = "Maximilian Christ et al.",
	year = 2019, 
	url = "https://tsfresh.readthedocs.io/en/latest/", 
	note = "[Internet; accedido 09-mayo-2019]"
}

@misc{tmux, 
	title = "tmux - Home", 
	author = "tmux", 
	year = 2019, 
	url = "https://github.com/tmux/tmux/wiki", 
	note = "[Internet; accedido 09-mayo-2019]"
}

@article{scikit-learn,
	title={Scikit-learn: Machine Learning in {P}ython},
	author={Pedregosa, F. and Varoquaux, G. and Gramfort, A. and Michel, V.
	and Thirion, B. and Grisel, O. and Blondel, M. and Prettenhofer, P.
	and Weiss, R. and Dubourg, V. and Vanderplas, J. and Passos, A. and
	Cournapeau, D. and Brucher, M. and Perrot, M. and Duchesnay, E.},
	journal={Journal of Machine Learning Research},
	volume={12},
	pages={2825--2830},
	year={2011}
}

@article{deap, 
	author    = " F\'elix-Antoine Fortin and Fran\c{c}ois-Michel {De Rainville} and Marc-Andr\'e Gardner and Marc Parizeau and Christian Gagn\'e ",
	title     = { {DEAP}: Evolutionary Algorithms Made Easy },
	pages    = { 2171--2175 },
	volume    = { 13 },
	month     = { jul },
	year      = { 2012 },
	journal   = { Journal of Machine Learning Research }
}

@MISC {salariales,
	author       = "Indeed",
	title        = "Salarios para empleos de A.C.S. Inform치ticos en Espa침a",
	howpublished = "\url{https://www.indeed.es/cmp/A.c.s.-Inform%C3%A1ticos/salaries}",
	month        = "jun",
	year         = "2019"
}

@MISC {gobees,
	author       = "David Miguel Lozano",
	title        = "GoBees - Monitorizaci칩n del estado de una colmena mediante la c치mara de un smartphone. Anexos",
	howpublished = "\url{https://github.com/davidmigloz/go-bees/blob/master/docs/latex/anexos.pdf}",
	month        = "feb",
	year         = "2017"
}
