@book{koza92,
		author    = "Koza, John R.",
		title     = "Genetic Programming: On the Programming of Computers by Means of Natural Selection",
		publisher = "MIT Press",
		year      = "1992"
}


@misc{ wiki:latex,
       author = "Wikipedia",
       title = "LaTeX --- Wikipedia{,} La enciclopedia libre",
       year = "2015",
       url = "https://es.wikipedia.org/w/index.php?title=LaTeX&oldid=84209252",
       note = "[Internet; descargado 30-septiembre-2015]"
}


@article{bortolot2005,
  title={Estimating forest biomass using small footprint LiDAR data: An individual tree-based approach that incorporates training data},
  author={Bortolot, Zachary J and Wynne, Randolph H},
  journal={ISPRS Journal of Photogrammetry and Remote Sensing},
  volume={59},
  number={6},
  pages={342--360},
  year={2005},
  publisher={Elsevier}
}


@misc{fed_esp_epilepsia,
	author="Federación Española de Epilepsia", 
	title = "Qué es la epilepsia", 
	year = "2013", 
	url="http://www.fedeepilepsia.org/epilepsia/que-es-la-epilepsia/", 
	note = "[Internet; consultado 11-Junio-2019]"
}

@article{ramgopal2014epilepsy,
	title={Seizure detection, seizure prediction, and closed-loop warning systems in epilepsy},
	author={Ramgopal, Sriram and Thome-Souza, Sigride and Jackson, Michele and Kadish, Navah Ester and Fern{\'a}ndez, Iv{\'a}n S{\'a}nchez and Klehm, Jacquelyn and Bosl, William and Reinsberger, Claus and Schachter, Steven and Loddenkemper, Tobias},
	journal={Epilepsy \& behavior},
	volume={37},
	pages={291--307},
	year={2014},
	publisher={Elsevier}
}

@incollection{tzallas2012automated,
	title={Automated epileptic seizure detection methods: a review study},
	author={Tzallas, Alexandros T and Tsipouras, Markos G and Tsalikakis, Dimitrios G and Karvounis, Evaggelos C and Astrakas, Loukas and Konitsiotis, Spiros and Tzaphlidou, Margaret},
	booktitle={Epilepsy-histological, electroencephalographic and psychological aspects},
	year={2012},
	publisher={IntechOpen}
}

@misc{repo_smartbeds,
	author="Alicia Olivares Gil", 
	title = "Repositorio de SmartBeds en GitHub", 
	year = "2019", 
	url="https://github.com/aog0036/TFG-SmartBeds"
}

@article{fayyad1996data,
	author = {M. Fayyad, Usama and Piatetsky-Shapiro, Gregory and Smyth, Padhraic},
	year = {1996},
	month = {03},
	pages = {37-54},
	title = {From Data Mining to Knowledge Discovery in Databases},
	volume = {17},
	journal = {AI Magazine},
	doi = {10.1609/aimag.v17i3.1230}
}

@article{scikit-learn,
	title={Scikit-learn: Machine Learning in {P}ython},
	author={Pedregosa, F. and Varoquaux, G. and Gramfort, A. and Michel, V.
	and Thirion, B. and Grisel, O. and Blondel, M. and Prettenhofer, P.
	and Weiss, R. and Dubourg, V. and Vanderplas, J. and Passos, A. and
	Cournapeau, D. and Brucher, M. and Perrot, M. and Duchesnay, E.},
	journal={Journal of Machine Learning Research},
	volume={12},
	pages={2825--2830},
	year={2011}
}

@article{christ2018time,
	title={Time Series FeatuRe Extraction on basis of scalable hypothesis tests (tsfresh--A Python package)},
	author={Christ, Maximilian and Braun, Nils and Neuffer, Julius and Kempa-Liehr, Andreas W},
	journal={Neurocomputing},
	volume={307},
	pages={72--77},
	year={2018},
	publisher={Elsevier}
}

@book{kuncheva2004combining, 
	title={Combining pattern classifiers: methods and algorithms}, 
	author={Kuncheva, Ludmila I}, 
	year={2004}, 
	publisher={John Wiley \& Sons}
}

@article{hall2009weka,
	title={The WEKA data mining software: an update},
	author={Hall, Mark and Frank, Eibe and Holmes, Geoffrey and Pfahringer, Bernhard and Reutemann, Peter and Witten, Ian H},
	journal={ACM SIGKDD explorations newsletter},
	volume={11},
	number={1},
	pages={10--18},
	year={2009},
	publisher={ACM}
}

@misc{ wiki:butterworth,
	author = "Wikipedia",
	title = "Filtro de Butterworth --- Wikipedia{,} La enciclopedia libre",
	year = "2016",
	url = "https://es.wikipedia.org/w/index.php?title=Filtro_de_Butterworth&oldid=90230742",
	note = "[Internet; descargado 14-junio-2019]"
}

@misc{ wiki:savitzkygolay,
	author = "Wikipedia",
	title = "Filtro de Savitzky–Golay --- Wikipedia{,} La enciclopedia libre",
	year = "2015",
	url = "https://es.wikipedia.org/w/index.php?title=Filtro_de_Savitzky%E2%80%93Golay&oldid=85308976",
	note = "[Internet; descargado 14-junio-2019]"
}

@misc{ pca,
	author = "Scikit-Learn",
	title = "sklearn.decomposition.PCA",
	year = "2019",
	url = "https://scikit-learn.org/stable/modules/generated/sklearn.decomposition.PCA.html#sklearn.decomposition.PCA",
	note = "[Internet; descargado 14-junio-2019]"
}

@misc{ manifold,
	author = "Scikit-Learn",
	title = "Comparison of Manifold Learning methods",
	year = "2019",
	url = "https://scikit-learn.org/stable/auto_examples/manifold/plot_compare_methods.html#sphx-glr-auto-examples-manifold-plot-compare-methods-py",
	note = "[Internet; descargado 14-junio-2019]"
}

@misc{ wiki:serietemporal,
	author = "Wikipedia",
	title = "Serie temporal --- Wikipedia{,} La enciclopedia libre",
	year = "2018",
	url = "https://es.wikipedia.org/w/index.php?title=Serie_temporal&oldid=109386775",
	note = "[Internet; descargado 14-junio-2019]"
}
@article{rodriguez2006rotation,
	title={Rotation forest: A new classifier ensemble method},
	author={Rodriguez, Juan Jos{\'e} and Kuncheva, Ludmila I and Alonso, Carlos J},
	journal={IEEE transactions on pattern analysis and machine intelligence},
	volume={28},
	number={10},
	pages={1619--1630},
	year={2006},
	publisher={IEEE}
}

@misc{ precisionrecall,
	author = "Scikit-Learn",
	title = "Precision-Recall",
	year = "2019",
	url = "https://scikit-learn.org/stable/auto_examples/model_selection/plot_precision_recall.html",
	note = "[Internet; descargado 16-junio-2019]"
}

@article{fodor2002dimreduction,
	author={Fodor, I.K.},
	year={2002},
	month={01},
	pages={10-20},
	title={A Survey of Dimension Reduction Techniques},
	volume = {9},
	journal = {Meat Sci.}
}

@misc{scipybutter,
	author = "SciPy",
	title = "scipy.signal.butter",
	year = "2014",
	url = "https://docs.scipy.org/doc/scipy-0.14.0/reference/generated/scipy.signal.butter.html",
	note = "[Internet; descargado 17-junio-2019]"
}

@misc{scipysavgol,
	author = "SciPy",
	title = "scipy.signal.savgol\_filter",
	year = "2014",
	url = "https://docs.scipy.org/doc/scipy-0.14.0/reference/generated/scipy.signal.savgol_filter.html#scipy.signal.savgol_filter",
	note = "[Internet; descargado 17-junio-2019]"
}

@misc{ isomap,
	author = "Scikit-Learn",
	title = "sklearn.manifold.Isomap",
	year = "2019",
	url = "https://scikit-learn.org/stable/modules/generated/sklearn.manifold.Isomap.html#sklearn.manifold.Isomap",
	note = "[Internet; descargado 17-junio-2019]"
}

@misc{ lle,
	author = "Scikit-Learn",
	title = "sklearn.manifold.LocallyLinearEmbedding",
	year = "2019",
	url = "https://scikit-learn.org/stable/modules/generated/sklearn.manifold.LocallyLinearEmbedding.html#sklearn.manifold.LocallyLinearEmbeddingl",
	note = "[Internet; descargado 17-junio-2019]"
}


@misc{ mds,
	author = "Scikit-Learn",
	title = "sklearn.manifold.MDS",
	year = "2019",
	url = "https://scikit-learn.org/stable/modules/generated/sklearn.manifold.MDS.html#sklearn.manifold.MDS",
	note = "[Internet; descargado 17-junio-2019]"
}

@article{polikar2006ensemble, 
	author={R. {Polikar}}, 
	journal={IEEE Circuits and Systems Magazine}, 
	title={Ensemble based systems in decision making}, 
	year={2006}, 
	volume={6}, 
	number={3}, 
	pages={21-45}, 
	keywords={decision making;decision support systems;error correction codes;expert systems;learning (artificial intelligence);learning systems;pattern classification;reviews;sensor fusion;ensemble based systems;multiple classifier systems;single-expert systems;automated decision making;bagging;boosting;AdaBoost;stacked generalization;voting based techniques;behavior knowledge space;decision templates;incremental learning;data fusion;feature selection;confidence estimation;error correcting output codes;Decision making;Computational intelligence;Bagging;Boosting;Voting;Estimation error;Error correction codes;Game theory;TV;Telephony}, 
	doi={10.1109/MCAS.2006.1688199}, 
	ISSN={1531-636X}, 
	month={Third}
}

@misc{ wiki:roc,
	author = "Wikipedia",
	title = "Curva ROC --- Wikipedia{,} La enciclopedia libre",
	year = "2019",
	url = "https://es.wikipedia.org/w/index.php?title=Curva_ROC&oldid=114286952",
	note = "[Internet; descargado 17-junio-2019]"
}



