@misc{dreisbach_2015,
    title={Building scikit-learn transformers }, howpublished = "\url{https://dreisbach.us/articles/building-scikit-learn-compatible-transformers/}",
    journal={Building scikit-learn transformers},
    author={Dreisbach, Clinton},
    year={2015},
    month={Jun}
} 

@misc{ wiki:rbf,
    author = "{Wikipedia contributors}",
    title = "Radial basis function --- {Wikipedia}{,} The Free Encyclopedia",
    year = "2018",
    howpublished = "\url{https://en.wikipedia.org/w/index.php?title=Radial_basis_function&oldid=875832599}",
    note = "[Online; accessed 18-February-2019]"
  }
  
@misc{ wiki:butter,
    author = "{Wikipedia contributors}",
    title = "Butterworth filter --- {Wikipedia}{,} The Free Encyclopedia",
    year = "2019",
    howpublished = "\url{https://en.wikipedia.org/w/index.php?title=Butterworth_filter&oldid=881318917}",
    note = "[Online; accessed 18-February-2019]"
  }
  
@misc{ wiki:savgol,
    author = "{Wikipedia contributors}",
    title = "Savitzkyâ€“Golay filter --- {Wikipedia}{,} The Free Encyclopedia",
    year = "2019",
    howpublished = "\url{https://en.wikipedia.org/w/index.php?title=Savitzky%E2%80%93Golay_filter&oldid=877315967}",
    note = "[Online; accessed 18-February-2019]"
}

@article{galar2012review,
  title={A review on ensembles for the class imbalance problem: bagging-, boosting-, and hybrid-based approaches},
  author={Galar, Mikel and Fernandez, Alberto and Barrenechea, Edurne and Bustince, Humberto and Herrera, Francisco},
  journal={IEEE Transactions on Systems, Man, and Cybernetics, Part C (Applications and Reviews)},
  volume={42},
  number={4},
  pages={463--484},
  year={2012},
  publisher={IEEE}
}

@article{diez2015random,
  title={Random balance: ensembles of variable priors classifiers for imbalanced data},
  author={D{\'\i}ez-Pastor, Jos{\'e} F and Rodr{\'\i}guez, Juan J and Garc{\'\i}a-Osorio, C{\'e}sar and Kuncheva, Ludmila I},
  journal={Knowledge-Based Systems},
  volume={85},
  pages={96--111},
  year={2015},
  publisher={Elsevier}
}

@article{diez2015diversity,
  title={Diversity techniques improve the performance of the best imbalance learning ensembles},
  author={D{\'\i}ez-Pastor, Jos{\'e} F and Rodr{\'\i}guez, Juan J and Garc{\'\i}a-Osorio, C{\'e}sar I and Kuncheva, Ludmila I},
  journal={Information Sciences},
  volume={325},
  pages={98--117},
  year={2015},
  publisher={Elsevier}
}

@misc{wiki:smote,
    author = "{Wikipedia contributors}",
    title = "Oversampling and undersampling in data analysis --- {Wikipedia}{,} The Free Encyclopedia",
    year = "2019",
    howpublished = "\url{https://en.wikipedia.org/w/index.php?title=Oversampling_and_undersampling_in_data_analysis&oldid=887800096}",
    note = "[Online; accessed 28-March-2019]"
  }
  
@article{rodriguez2006rotation,
  title={Rotation forest: A new classifier ensemble method},
  author={Rodriguez, Juan Jos{\'e} and Kuncheva, Ludmila I and Alonso, Carlos J},
  journal={IEEE transactions on pattern analysis and machine intelligence},
  volume={28},
  number={10},
  pages={1619--1630},
  year={2006},
  publisher={IEEE}
}

@article{christ2018time,
  title={Time Series FeatuRe Extraction on basis of scalable hypothesis tests (tsfresh--A Python package)},
  author={Christ, Maximilian and Braun, Nils and Neuffer, Julius and Kempa-Liehr, Andreas W},
  journal={Neurocomputing},
  volume={307},
  pages={72--77},
  year={2018},
  publisher={Elsevier}
}

@article{roweis2000nonlinear,
  title={Nonlinear dimensionality reduction by locally linear embedding},
  author={Roweis, Sam T and Saul, Lawrence K},
  journal={science},
  volume={290},
  number={5500},
  pages={2323--2326},
  year={2000},
  publisher={American Association for the Advancement of Science}
}

@article{tenenbaum2000global,
  title={A global geometric framework for nonlinear dimensionality reduction},
  author={Tenenbaum, Joshua B and De Silva, Vin and Langford, John C},
  journal={science},
  volume={290},
  number={5500},
  pages={2319--2323},
  year={2000},
  publisher={American Association for the Advancement of Science}
}

@article{kruskal1964nonmetric,
  title={Nonmetric multidimensional scaling: a numerical method},
  author={Kruskal, Joseph B},
  journal={Psychometrika},
  volume={29},
  number={2},
  pages={115--129},
  year={1964},
  publisher={Springer}
}

@article{borg2003modern,
  title={Modern multidimensional scaling: Theory and applications},
  author={Borg, Ingwer and Groenen, Patrick},
  journal={Journal of Educational Measurement},
  volume={40},
  number={3},
  pages={277--280},
  year={2003},
  publisher={Wiley Online Library}
}

@inproceedings{zhang2007mlle,
  title={MLLE: Modified locally linear embedding using multiple weights},
  author={Zhang, Zhenyue and Wang, Jing},
  booktitle={Advances in neural information processing systems},
  pages={1593--1600},
  year={2007}
}

@article{DEAP_JMLR2012, 
    author    = " F\'elix-Antoine Fortin and Fran\c{c}ois-Michel {De Rainville} and Marc-Andr\'e Gardner and Marc Parizeau and Christian Gagn\'e ",
    title     = { {DEAP}: Evolutionary Algorithms Made Easy },
    pages    = { 2171--2175 },
    volume    = { 13 },
    month     = { jul },
    year      = { 2012 },
    journal   = { Journal of Machine Learning Research }
}

@inproceedings{Davis2006RPR,
 author = {Davis, Jesse and Goadrich, Mark},
 title = {The Relationship Between Precision-Recall and ROC Curves},
 booktitle = {Proceedings of the 23rd International Conference on Machine Learning},
 series = {ICML '06},
 year = {2006},
 isbn = {1-59593-383-2},
 location = {Pittsburgh, Pennsylvania, USA},
 pages = {233--240},
 numpages = {8},
 url = {http://doi.acm.org/10.1145/1143844.1143874},
 doi = {10.1145/1143844.1143874},
 acmid = {1143874},
 publisher = {ACM},
 address = {New York, NY, USA},
} 

@article{saito2015pr,
    author = {Saito, Takaya AND Rehmsmeier, Marc},
    journal = {PLOS ONE},
    publisher = {Public Library of Science},
    title = {The Precision-Recall Plot Is More Informative than the ROC Plot When Evaluating Binary Classifiers on Imbalanced Datasets},
    year = {2015},
    month = {03},
    volume = {10},
    url = {https://doi.org/10.1371/journal.pone.0118432},
    pages = {1-21},
    number = {3},
    doi = {10.1371/journal.pone.0118432}
}

@article{hall2009weka,
  title={The WEKA data mining software: an update},
  author={Hall, Mark and Frank, Eibe and Holmes, Geoffrey and Pfahringer, Bernhard and Reutemann, Peter and Witten, Ian H},
  journal={ACM SIGKDD explorations newsletter},
  volume={11},
  number={1},
  pages={10--18},
  year={2009},
  publisher={ACM}
}